

@misc{pixelCNN,
 author = "Authors",
 title = "Conditional Image Generation with PixelCNN Decoders",
 url = "https://arxiv.org/pdf/1606.05328v2.pdf"
}

@misc{pixelRNN,
 author = "Authors",
 title = "Pixel Recurrent Neural Networks",
 url = "https://arxiv.org/pdf/1601.06759v3"
}

@misc{GAN,
author = "A. Alpher",
title = "Generative Adversarial Nets",
 url = "http://papers.nips.cc/paper/5423-generative-adversarial-nets.pdf"
}

@article{DCGAN,
author = "A. Alpher and  J.~P.~N. Fotheringham-Smythe",
title = "Unsupervised Representation Learning with Deep Convolutional Generative Adversarial Networks",
url = "https://arxiv.org/pdf/1511.06434v2"
}

@article{inpaint,
author = "A. Alpher and J.~P.~N. Fotheringham-Smythe and G. Gamow",
title = "Semantic Image Inpainting with Perceptual and Contextual Losses",
url = "https://arxiv.org/pdf/1607.07539v2.pdf"
}
